@book{lamport1994latex,
  title={LATEX: a document preparation system: user's guide and reference manual},
  author={Lamport, Leslie},
  year={1994},
  publisher={Addison-wesley}
}

@article{kopka1995guide,
  title={A Guide to $\{$$\backslash$LaTeX$\}$--Document},
  author={Kopka, H and Daly, PW},
  year={1995},
  publisher={Citeseer}
}

@article{slater1994latex,
  title={Latex allergy},
  author={Slater, Jay E},
  journal={Journal of allergy and clinical immunology},
  volume={94},
  number={2},
  pages={139--149},
  year={1994},
  publisher={Elsevier}
}